<?xml version="1.0" encoding="UTF-8"?><collection xmlns="http://www.loc.gov/MARC21/slim"><record><leader>00439nam--2200133-i-4500</leader><controlfield tag="001">000013959</controlfield><controlfield tag="002">20161230</controlfield><controlfield tag="005">20161230201030</controlfield><controlfield tag="008">060222s1000------------r-----000-0-eng-d</controlfield><datafield ind1=" " ind2=" " tag="100"><subfield code="a">Biedenharn, L., Louck, J.D. And Carruthers, Peter A</subfield></datafield><datafield ind1=" " ind2=" " tag="245"><subfield code="a">Angular momentum in quantum physics.theory and application</subfield></datafield><datafield ind1=" " ind2=" " tag="260"><subfield code="a">London,Addison - Wesley Publ.Co., 1981</subfield></datafield><datafield ind1=" " ind2=" " tag="490"><subfield code="a">Encyclopedia Of Mathematics And Its Applicati Ons</subfield></datafield><datafield ind1=" " ind2=" " tag="852"><subfield code="a">530.145.6</subfield></datafield></record></collection>